<?xml version="1.0" encoding="UTF-8"?><collection xmlns="http://www.loc.gov/MARC21/slim"><record><leader>00421nam--2200121-i-4500</leader><controlfield tag="001">000036447</controlfield><controlfield tag="002">20161230</controlfield><controlfield tag="005">20161230201040</controlfield><controlfield tag="008">060222s1000------------r-----000-0-eng-d</controlfield><datafield ind1=" " ind2=" " tag="100"><subfield code="a">Powell, A.R. And Schoeller, W.R</subfield></datafield><datafield ind1=" " ind2=" " tag="245"><subfield code="a">The analysis of minerals and ores of the rarer elements. a  manual for analytical chemists, metallurgists, and advanced students</subfield></datafield><datafield ind1=" " ind2=" " tag="260"><subfield code="a">London, Charles Griffin, 1955, Xv + 408p</subfield></datafield><datafield ind1=" " ind2=" " tag="852"><subfield code="a">12690</subfield></datafield></record></collection>